@MISC{web:docker,
    TITLE = "Docker Container Platform",
    YEAR = 2019,
    NOTE = "url{https://www.docker.com}"
}

@MISC{web:react,
    TITLE = "React A JavaScript library for building user interfaces",
    YEAR = 2019,
    NOTE = "url {https://reactjs.org}"
}

@MISC{web:aspnet,
    TITLE = "ASP.NET A framework for building web apps and services with .NET and C\#",
    YEAR = 2019,
    NOTE = "url {https://dotnet.microsoft.com/apps/aspnet}"
}

@MISC{web:azure,
    TITLE = "Microsoft Azure Платформа и службы вычислений",
    YEAR = 2019,
    NOTE = "url {https://azure.microsoft.com/ru-ru/}"
}

@MISC{web:aws,
    TITLE = "Amazon Web Services - Сервисы облачных вычислений",
    YEAR = 2019,
    NOTE = "url {https://aws.amazon.com/ru/}"
}

@MISC{web:arduino,
    TITLE = "Arduino",
    YEAR = 2019,
    NOTE = "url {https://www.arduino.cc}"
}

@MISC{web:robotournament,
    TITLE = "Robotics Tournament",
    YEAR = 2019,
    NOTE = "url {https://robocenter.org/competition/robotics-tournament/}"
}

@MISC{web:drc,
    TITLE = "Darpa Robotic Challenge (DRC)",
    YEAR = 2019,
    NOTE = "url{https://en.wikipedia.org/wiki/DARPA\_Robotics\_Challenge}"
}

@MISC{web:darpa-finals,
    TITLE = "DARPA Robotics Challenge Trials: Final Results",
    YEAR = 2013,
    NOTE = "url{https://spectrum.ieee.org/automaton/robotics/humanoids/darpa-robotics-challenge-trials-results}"
}

@MISC{web:robocentr,
    TITLE = "Центр развития робототехники",
    YEAR = 2019,
    NOTE = "url{https://robocenter.org}"
}

@MISC{web:ligarobotov,
    TITLE = "Лига роботов - Федеральная сеть секций робототехники",
    YEAR = 2019,
    NOTE = "url{https://ligarobotov.ru}"
}

@MISC{web:robotournament-finals,
    TITLE = "Бессонная ночь – не самое сложное»: робототехники Дальнего Востока создали модели за 24 часа",
    YEAR = 2018,
    NOTE = "url{https://www.newsvl.ru/vlad/2018/11/11/175354/}"
}

@MISC{web:robotarium,
    TITLE = "The Robotarium: A remotely accessible swarm robotics research testbed",
    YEAR = 2019,
    NOTE = "url{https://robohub.org/the-robotarium-a-remotely-accessible-swarm-robotics-research-testbed/}"
}

@MISC{web:rpn,
    TITLE = "The Robot Programming Network",
    YEAR = 2019,
    NOTE = "url{https://link.springer.com/article/10.1007/s10846-015-0201-7}"
}

@MISC{web:github,
    TITLE = "GitHub, Inc.",
    YEAR = 2019,
    NOTE = "url{https://github.com}"
}

@MISC{web:laravel,
    TITLE = "Laravel - The PHP Framework For WEB Artisans",
    YEAR = 2019,
    NOTE = "url{https://laravel.com}"
}

